<?xml version="1.0" encoding="UTF-8"?><collection xmlns="http://www.loc.gov/MARC21/slim"><record><leader>00723nam--2200205-i-4500</leader><controlfield tag="001">000049644</controlfield><controlfield tag="002">20161230</controlfield><controlfield tag="005">20161230201047</controlfield><controlfield tag="008">060222s1000------------r-----000-0-eng-d</controlfield><datafield ind1=" " ind2=" " tag="020"><subfield code="a">8304016699</subfield></datafield><datafield ind1=" " ind2=" " tag="040"><subfield code="a">IFIN-HH</subfield></datafield><datafield ind1=" " ind2=" " tag="080"><subfield code="a">537.311.33(061.3)</subfield></datafield><datafield ind1="1" ind2=" " tag="100"><subfield code="a">Galazka,R.R</subfield></datafield><datafield ind1="1" ind2="0" tag="245"><subfield code="a">Physics of semiconducting compounds</subfield><subfield code="b">Proceedings of the xii conference on physics of semiconducting compounds jaszowiec, april 10-16, 1983 vol. 6</subfield><subfield code="c">Robert r. galazka, jerzy rauluszkiewicz (eds.)</subfield></datafield><datafield ind1=" " ind2=" " tag="260"><subfield code="a">Warszawa</subfield><subfield code="b">Polish Academy Of Sciences</subfield><subfield code="c">1983</subfield></datafield><datafield ind1=" " ind2=" " tag="300"><subfield code="a">490P</subfield></datafield><datafield ind1=" " ind2=" " tag="490"><subfield code="a">Proceedings Of Conferences In Physics</subfield><subfield code="v">Vol. 6</subfield></datafield><datafield ind1="1" ind2=" " tag="700"><subfield code="a">Rauluszkiewicz, Jerzy</subfield><subfield code="e">Ed</subfield></datafield><datafield ind1=" " ind2=" " tag="852"><subfield code="a">49865</subfield><subfield code="c">539.2</subfield></datafield><datafield ind1=" " ind2=" " tag="CAT"><subfield code="a">Sys</subfield><subfield code="c">20121105</subfield><subfield code="h">102742</subfield></datafield></record></collection>